@misc{Lunovian,
    author = {{Lunovian}},
    title = {{Which Cars Contribute to a Greener Future?}},
    note = {Website available: \url{https://www.kaggle.com/code/anmatngu/which-cars-contribute-to-a-greener-future}},
    year = {2024}
}

@misc{Ayşe,
    author = {{Ayşe Nur Durmaz}},
    title = {{OruntuTanima-Perceptron}},
    note = {Website available: \url{https://www.kaggle.com/code/ayenurdurmaz/oruntutanima-perceptron}},
    year = {2024}
}

@misc{Priyanshu,
    author = {{Priyanshu shukla}},
    title = {{Analysis on Car performance dataset}},
    note = {Website available: \url{https://www.kaggle.com/code/priyanshu594/analysis-on-car-performance-dataset}},
    year = {2024}
}

@misc{ColumnTransformer,
    author = {{Jason Brownlee}},
    title = {{How to Use the ColumnTransformer for Data Preparation}},
    note = {Website available: \url{https://machinelearningmastery.com/columntransformer-for-numerical-and-categorical-data/}},
    year = {2020}
}

@misc{LinearRegression,
    author = {{Neslihan Avsar}},
    title = {{Building a Linear Regression model with Scikit-Learn — Part — 1}},
    note = {Website available: \url{https://medium.com/@neslihannavsar/building-a-linear-regression-model-with-scikit-learn-part-1-eed4c04f53f9}},
    year = {2022}
}

@misc{PadronizarDados,
    author = {{Matheus Vasconcelos}},
    title = {{Distribuição normal e a classe Standard Scaler da biblioteca Scikit-learn...}},
    note = {Website available: \url{https://medium.com/@mhvasconcelos/distribuição-normal-e-a-biblioteca-standard-scaler-em-python-f21c52070c6b}},
    year = {2023}
}

@misc{Regression,
    author = {{James McCaffrey}},
    title = {{Regression Using a scikit MLPRegressor Neural Network}},
    note = {Website available: \url{https://visualstudiomagazine.com/Articles/2023/05/01/regression-scikit.aspx}},
    year = {2023}
}

@misc{MultRegression,
    author = {{isitapol2002}},
    title = {{Multiple Linear Regression With scikit-learn}},
    note = {Website available: \url{https://www.geeksforgeeks.org/multiple-linear-regression-with-scikit-learn/}},
    year = {2022}
}

@misc{MSEAndMAE,
    author = {{Nirajan Acharya}},
    title = {{Choosing Between Mean Squared Error (MSE) and Mean Absolute Error (MAE) in Regression: A Deep Dive}},
    note = {Website available: \url{https://medium.com/@nirajan.acharya777/choosing-between-mean-squared-error-mse-and-mean-absolute-error-mae-in-regression-a-deep-dive-c16b4eeee603}},
    year = {2023}
}